% This file was created with JabRef 2.10.
% Encoding: UTF8


@Article{Abooraig2014,
  Title                    = {On the automatic categorization of arabic articles based on their political orientation.},
  Author                   = {Abooraig,R. and Alwajeeh,A. and Al-Ayyoub,M. and Hmeidi,I.},
  Journal                  = {Proc. of the Third International Conference on Informatics Engineering and Information Science (ICIEIS2014).},
  Year                     = {2014}
}

@Article{Alvarez-Carmona2015,
  Title                    = {INAOEs participation at PAN-15: Author Profiling task.},
  Author                   = {Alvarez Carmona,M.A. and L\'opez Monroy,A.P. and Montes y G\'omez,M. and Villase\~nor Pineda,L. and Escalante,H.J.},
  Journal                  = {CLEF 2015 Working Notes. Toulouse, France.},
  Year                     = {2015}
}

@Article{Ardehaly2015,
  Title                    = {Inferring latent attributes of Twitter users with label regularization, in Rada Mihalcea; Joyce Yue Chai Anoop Sarkar, ed.,},
  Author                   = {Ardehaly,E.M. and Culotta,A.},
  Journal                  = {HLT-NAACL. The Association for Computational Linguistics, , pp. 185-195.},
  Year                     = {2015}
}

@Article{Argamon2005,
  Title                    = {Lexical Predictors of Personality Type},
  Author                   = {Argamon,S. and Dhawle,S. and Koppel,M. and Pennebaker,J.},
  Journal                  = {Joint Annual Meeting of the Interface and the Classification Society of North America.},
  Year                     = {2005}
}

@Article{Argamon2009,
  Title                    = {Automatically profiling the author of an anonymous text.},
  Author                   = {Argamon,S. and Koppel,M. and Pennebaker,J.W. and Schler,J.},
  Journal                  = {Communications of the ACM, 52:119123.},
  Year                     = {2009}
}

@Article{Bergamo2010,
  Title                    = {Exploiting weakly-labeled Web images to improve object classification: a domain adaptation approach.},
  Author                   = {Bergamo, A and Torresani, L.},
  Journal                  = {NIPS 2010: 181-189.},
  Year                     = {2010}
}

@Article{Cavnar1994,
  Title                    = {N- gram-based text categorization.},
  Author                   = {Cavnar,W.B. and Trenkle,J.M.},
  Journal                  = {Proceedings of SDAIR-94, 3rd Annual Symposium on Document Analysis and Information Retrieval, pages 161-175.},
  Year                     = {1994}
}

@Article{Celli2014,
  Title                    = {The workshop on computational personality recognition 2014.},
  Author                   = {Celli, F. and Lepri, B. and Biel, J.-I. and Gatica- Perez, D. and Riccardi, G. and Pianesi, F},
  Journal                  = {Proceedings of the ACM International Conference on Multimedia, MMA’14, pages 1245-1246, New York, NY, USA. ACM.},
  Year                     = {2014}
}

@Article{Chen2009,
  Title                    = {Meta-classifiers for multimodal document classification},
  Author                   = {Chen,S.D. and Monga,V. and Moulin, P.},
  Journal                  = {MMSP. IEEE.pp. 1-6},
  Year                     = {2009}
}

@Article{Chopra2013,
  Title                    = {DLID: Deep Learning for Domain Adaptation by Interpolating between Domains.},
  Author                   = {Chopra,S. and Balakrishnan,S. and Gopalan,S.},
  Journal                  = {ICML Workshop on Challenges in Representation Learning.},
  Year                     = {2013}
}

@Article{Conover2011,
  Title                    = {Predicting the political alignment of twitter users.},
  Author                   = {Conover,M. and Goncalves,B. and Ratkiewicz,J. and Flammini,A. and Menczer,F.},
  Journal                  = {Proceedings of 3rd IEEE Conference on Social Computing (SocialCom).},
  Year                     = {2011}
}

@Article{Coyotl-Morales2006,
  Title                    = {Authorship Attribution using Word Sequences.},
  Author                   = {Coyotl-Morales,R.M. and Villase\~nor Pineda, L. and Montes-y-G\'o mez, M. and Rosso, P.},
  Journal                  = {11th Iberoamerican Congress on Pattern Recognition, CIARP 2006. Cancun, Mexico, November 2006. Lecture Notes in Artificial Intelligence 4225, Springer 2006.},
  Year                     = {2006}
}

@Article{Cui2014,
  Title                    = {Social-Sensed Image Search.},
  Author                   = {Cui,P. and Liu,S. and Zhu, W. and Luan,H. and Chua,T. and Yang,S.},
  Journal                  = {ACM Trans. Inf. Syst. 32, 2, Article 8.},
  Year                     = {2014}
}

@Article{Culotta2015,
  Title                    = {Predicting the Demographics of Twitter Users from Website Traffic Data.},
  Author                   = {Culotta,A. and Kumar Ravi,N. and Cutler, J.},
  Journal                  = {Proceedings of the 29th AAAI Conference on Artificial Intelligence (AAAI-15).},
  Year                     = {2015}
}

@Article{Dang2009,
  Title                    = {Author profiling for Vietnamese Blogs.},
  Author                   = {Dang,D. and Giang,B. and Son,B.},
  Journal                  = {International Conference on Asian Language Processing (IALP '09). IEEE Computer Society, Washington, DC, USA, 190-194.},
  Year                     = {2009}
}

@Article{Dredze2008,
  Title                    = {Online methods for multi-domain learning and adaptation.},
  Author                   = {Dredze,M. and Crammer,K.},
  Journal                  = {Proceedings of the Conference on Empirical Methods in Natural Language Processing (EMNLP '08). USA, 689-697.},
  Year                     = {2008}
}

@Article{Eftekhar2014,
  Title                    = {Capturing personality from Facebook photos and photo-related activities: How much exposure do you need?},
  Author                   = {Eftekhar,A., and Fullwood,C. and Morris,N.},
  Journal                  = {Computers in Human Behavior, Volume 37, pages 162-170.},
  Year                     = {2014}
}

@Article{Escalante2012,
  Title                    = {Multimodal indexing based on semantic cohesion for image retrieval.},
  Author                   = {Escalante,H. and Montes y G\'omez,M. and Sucar,E.},
  Journal                  = {Inf. Retr. 15, 1 (February 2012), 1-32.},
  Year                     = {2012}
}

@Article{Escalante2011,
  Title                    = {Local Histograms of Character n-grams for Authorship Attribution.},
  Author                   = {Escalante,H. and Solorio, T. and Montes-y-Gómez, M.},
  Journal                  = {The 49th Annual Meeting of the Association for Computational Linguistics (ACL 2011). USA.},
  Year                     = {2011}
}

@Article{Fayyad1996,
  Title                    = {From data mining to knowledge discovery: an overview.},
  Author                   = {Fayyad,U.M. and Piatetsky-Shapiro,G. and Smyth,P.},
  Journal                  = {Advances in knowledge discovery and data mining, Usama M. Fayyad, Gregory Piatetsky-Shapiro, Padhraic Smyth, and Ramasamy Uthurusamy (Eds.). American Association for Artificial Intelligence, Menlo Park, CA, USA 1-34.},
  Year                     = {1996}
}

@Article{Frantzeskou2006,
  Title                    = {Source code author identification based on n-gram author profiles.},
  Author                   = {Frantzeskou,G. and Stamatatos,E. and Grit-Zalis,S. and Katsikas,S.},
  Journal                  = {Artificial Intelligence Applications and Innovations, volume 204 of IFIP, pages 508-515. Springer US.},
  Year                     = {2006}
}

@Article{Funez2013,
  Title                    = {Determinación de género y edad en blogs en español mediante enfoques basados en perfil.},
  Author                   = {Funez, D. and Cagnina, L. and Errecalde, M.L.},
  Journal                  = {Anales del XIX Congreso Argentino de Ciencias de la Computación (CACIC 2013), pages 1003-1012.},
  Year                     = {2013}
}

@Article{Glorot2011,
  Title                    = {Domain Adaptation for Large-Scale Sentiment Classification: A Deep Learning Approach.},
  Author                   = {Glorot,X. and Bordes,A. and Bengio,Y.},
  Journal                  = {ICML. editor(s) Getoor, Lise and Scheffer, Tobias. 513-520, Omnipress.},
  Year                     = {2011}
}

@Article{Hum2011,
  Title                    = {A picture is worth a thousand words: A content analysis of Facebook profile photographs.},
  Author                   = {Hum,N.J. and Chamberlin,P.E. and Hambright,B.L.and Portwood, A.C. and Schat Amanda,A.C. and Bevan, J.L.},
  Journal                  = {Computers in Human Behavior, Volume 27, Issue 5, pages 1828-1833.},
  Year                     = {2011}
}

@Article{Kurgan2006,
  Title                    = {A survey of Knowledge Discovery and Data Mining process models.},
  Author                   = {Kurgan,L.A. and Musilek,P.},
  Journal                  = {Knowledge Engineering Review. 21, 1 (March 2006), 1-24.},
  Year                     = {2006}
}

@Article{Layton2012,
  Title                    = {Recentred local profiles for authorship attribution.},
  Author                   = {Layton,R. and Watters,P. and Dazeley,R.},
  Journal                  = {Natural Language Engineering, 18:293-312, 2012.},
  Year                     = {2012}
}

@Article{Le2014,
  Title                    = {Distributed Representations of Sentences and Documents.},
  Author                   = {Le,Q. and Mikolov,T.},
  Journal                  = {Proceedings of the 31st ICML, Beijing, China. JMLR: W\&CP Volume 32.},
  Year                     = {2014}
}

@Article{Lin2002,
  Title                    = {Meta-Classification of Multimedia Classifiers.},
  Author                   = {Lin,W.H. and Jin,R. and Hauptmann,A.G.},
  Journal                  = {KDMCD. pp. 21-27 .},
  Year                     = {2002}
}

@Article{Lopez-Monroy2014,
  Title                    = {Using Intra-Profile Information for Author Profiling.},
  Author                   = {Lopez-Monroy,P. and Montes-y-G\'omez,M. and Escalante, H. and Villase\~nor-Pineda, L.},
  Journal                  = {11th evaluation lab on uncovering plagiarism, authorship, and social software misuse, PAN 2014. Sheffield, UK, pp 15-18.},
  Year                     = {2014}
}

@Article{Lopez-Monroy2013,
  Title                    = {INAOE’s participation at PAN’13: Author Profiling task.},
  Author                   = {Lopez-Monroy, P. Montes-y-G\'omez, M. Escalante, H. Villase\~nor-Pineda, L. and Villatoro-Tello, E.},
  Journal                  = {Notebook for PAN at CLEF 2013. Valencia, EspaÃ±a},
  Year                     = {2013}
}

@Article{Luo2008,
  Title                    = {Transfer learning from multiple source domains via consensus regularization.},
  Author                   = {Luo, P. and Zhuang, F. and Xiong, H. and Xiong, Y. and He, Q.},
  Journal                  = {Proc. of the 17th ACM conference on Information and knowledge management (CIKM '08). ACM, New York,USA, 103-112.},
  Year                     = {2008}
}

@Article{Mairesse2007,
  Title                    = {Using Linguistic Cues for the Automatic Recognition of Personality in Conversation and Text.},
  Author                   = {Mairesse, F. and Walker, M. A. and Mehl, M. R. and Moore, R. K.},
  Journal                  = {JAIR, 30, 457-500.},
  Year                     = {2007}
}

@Article{Malouf2007,
  Title                    = {Graph-based user classification for informal online political discourse.},
  Author                   = {Malouf, R. and Mullen, T.},
  Journal                  = {Conference: Proceedings of the 1st Workshop on Information Credibility on the Web (WICOW), At Miyazaki, Japan},
  Year                     = {2007}
}

@Article{Maynard2013,
  Title                    = {Multimodal Sentiment Analysis of Social Media.},
  Author                   = {Maynard, D.and Dupplaw, D. and Hare, J.},
  Journal                  = {BCS SGAI Workshop on Social Media Analysis.},
  Year                     = {2013}
}

@Article{Mikolov2013,
  Title                    = {Distributed Representations of Words and Phrases and their Compositionality.},
  Author                   = {Mikolov,T. and Sutskever, I. and Chen, K. and Corrado, G. and Dean, J.},
  Journal                  = {Proceedings of NIPS 2013.},
  Year                     = {2013}
}

@Article{Mikolov2013b,
  Title                    = {Efficient Estimation of Word Representations in Vector Space.},
  Author                   = {Mikolov, T.and Chen, K.and Corrado, G. and Dean, J.},
  Journal                  = {Proceedings of Workshop at ICLR.},
  Year                     = {2013}
}

@Article{Mukherjee2010,
  Title                    = {Improving gender classification of blog authors.},
  Author                   = {Mukherjee, A. and Liu, B.},
  Journal                  = {Proceedings of the 2010 Conference on Empirical Methods in Natural Language Processing(EMNLP '10). Association for Computational Linguistics, Stroudsburg, PA, USA, 207-217.},
  Year                     = {2010}
}

@Article{Pan2010b,
  Title                    = {Cross-domain sentiment classification via spectral feature alignment.},
  Author                   = {Pan, S. J. and Ni, X.a and Sun, J. and Yang, Q. and Chen, Z.},
  Journal                  = {Proc. of the 19th Int. Conference on World wide web (WWW '10). ACM, USA, 751-760.},
  Year                     = {2010}
}

@Article{Pan2010,
  Title                    = {A Survey on Transfer Learning.},
  Author                   = {Pan, S. J. and Yang, Q.},
  Journal                  = {IEEE Trans. on Knowl. and Data Eng. 22, 10, 1345-1359.},
  Year                     = {2010}
}

@Article{Peersman2011,
  Title                    = {Predicting age and gender in online social networks},
  Author                   = {Peersman, C. Daelemans, W. and Van Vaerenbergh, L.},
  Journal                  = {Proceedings of the 3rd international workshop on Search and mining user-generated contents, SMUC 11, pages 37-44, New York, NY, USA. ACM.},
  Year                     = {2011}
}

@Article{Pennacchiotti2011,
  Title                    = {Democrats, Republicans and Starbucks Afficionados: User Classification in Twitter},
  Author                   = {Pennacchiotti, M. and Popescu, A. M.},
  Journal                  = {KDD11, San Diego, California, USA.},
  Year                     = {2011}
}

@Article{Pennebaker2002,
  Title                    = {What our words can say about us: Toward a broader language psychology.},
  Author                   = {Pennebaker, J. W.},
  Journal                  = {Psychological Science Agenda, 15, 8-9.},
  Year                     = {2002}
}

@Article{Ramirez2010,
  Title                    = {Using Information from the Target Language to Improve Crosslingual Text Classification.},
  Author                   = {Ramirez, G. and Montes-G\'omez, M. and Villase\~nor, L. and Pinto, D. and Solorio, T.},
  Journal                  = {7th Int. Conference on Natural Language Processing IceTAL-2010. Lecture Notes in Computer Science. vol. 6233, 2010.},
  Year                     = {2010}
}

@Article{Rao2010,
  Title                    = {Classifying Latent User Attributes in Twitter.},
  Author                   = {Rao, D. and Yarowsky, D. and Shreevats, A. and Gupta, M.},
  Journal                  = {Proceedings of SMUC-10. 710-718.},
  Year                     = {2010}
}

@Article{Sapkota2014,
  Title                    = {Cross-Topic Authorship Attribution: Will Out-Of-Topic Data Help?.},
  Author                   = {Sapkota, U.and Solorio, T.and Montes-G\'omez, M.and Bethard, S. and Rosso, P.},
  Journal                  = {COLING 2014.},
  Year                     = {2014}
}

@Article{Schler2006,
  Title                    = {Effects of age and gender on blogging.},
  Author                   = {Schler, J. and Koppel, M. and Argamon, S. and Pennebaker, J. W.},
  Journal                  = {AAAI Spring Symposium: Computational Approaches to Analyzing Weblogs, pages 199-205, 2006.},
  Year                     = {2006}
}

@Article{Schwartz2013,
  Title                    = {Personality, Gender, and Age in the Language of Social Media: The Open-Vocabulary Approach.},
  Author                   = {Schwartz, H. A. and Eichstaedt, J. C. and Kern, M. L.and Dziurzynsk,i L. and Ramones, S. M. and Agrawal, M. and Shah, A. and Kosinski, M. and Stillwell, D. and Seligman, M.E.P. and Ungar, L. H.},
  Journal                  = {PLOS ONE, 8(9), 1-16.},
  Year                     = {2013}
}

@Article{Schwartz2013b,
  Title                    = {Characterizing Geographic Variation in Well-Being using Tweets.},
  Author                   = {Schwartz, H.A. and Eichstaedt, J.C. and Kern, M.L. and Dziurzynski, L. and Lucas, R.E. and Agrawal, M. and Park, G. J. and Lakshmikanth, S. K. and Jha, S. and Seligman, M.E.P. and Ungar, L.H.},
  Journal                  = {Proceedings of the Seventh International AAAI Conference on Weblogs and Social Media (ICWSM). Boston, MA.},
  Year                     = {2013}
}

@Article{Silva2014,
  Title                    = {User type classification of tweets with implications for event recognition},
  Author                   = {Silva, L. D. and Riloff, E.},
  Journal                  = {Proceedings of the Joint Workshop on Social Dynamics and Personal Attributes in Social Media. pp. 98--108.},
  Year                     = {2014}
}

@Article{Srivastava2012,
  Title                    = {Multimodal Learning with Deep Boltzmann Machines.},
  Author                   = {Srivastava, N. and Salakhutdinov, R.},
  Journal                  = {Neural Information Processing Systems (NIPS 2012).},
  Year                     = {2012}
}

@Article{Stamatatos2009,
  Title                    = {A Survey of Modern Authorship Atrribution Methods.},
  Author                   = {Stamatatos, E.},
  Journal                  = {Journal of the American Society for Information science and technology. 60(3). 538-556.},
  Year                     = {2009}
}

@Article{Suero-Montero2014,
  Title                    = {Investigating the Role of Emotion-Based Features in Author Gender Classification of Text.},
  Author                   = {Suero-Montero, C. and Munezero, M. and Kakkonen, T.},
  Journal                  = {CICLing 2014, Part II, LNCS 8404.},
  Year                     = {2014}
}

@Article{Villegas2014,
  Title                    = {A Spanish Text Corpus for the Author Profiling Task,},
  Author                   = {Villegas,M.P. and Garciarena-Ucelay,M.J. and Errecalde,M.L. and Cagnina,L.C.},
  Journal                  = {XX Congreso Argentino de Ciencias de la Computación, Buenos Aires, Argentina.},
  Year                     = {2014}
}

@Article{Wagner2013,
  Title                    = {Religious Politicians and Creative Photographers: Automatic User Categorization in Twitter.},
  Author                   = {Wagner, C. and Asur, S. and Hailpern, J. M.},
  Journal                  = {SocialCom. IEEE Computer Society, pp. 303-310.},
  Year                     = {2013}
}

@Article{Wu2015,
  Title                    = {Do Facebook profile pictures reflect user’s personality?.},
  Author                   = {Wu, Y. J. and Chang, W. and Yuan, Ch.},
  Journal                  = {Computers in Human Behavior, Volume 51, Part B, October 2015, pages 880-889.},
  Year                     = {2015},

  }

@Article{Yao2010,
  Title                    = {Boosting for transfer learning with multiple sources.},
  Author                   = {Yao, Y. and Doretto, G.},
  Journal                  = {Proc. of the 2010 IEEE Conference on Computer Vision and Pattern Recognition (CVPR), 1855-1862.},
  Year                     = {2010}
}

@Article{You2014,
  Title                    = {The eyes of the beholder: Gender prediction using images posted in Online Social Networks.},
  Author                   = {You, Q. and Bhatia, S. and Sun, T. and Luo, J.},
  Journal                  = {Workshop on Social Multimedia Data Mining, IEEE International Conference on Data Mining. Shenzhen, China.},
  Year                     = {2014}
}

